@inproceedings{junction,
  title={Making kernel bypass practical for the cloud with Junction},
  author={Fried, Joshua and Chaudhry, Gohar Irfan and Saurez, Enrique and Choukse, Esha and Goiri, {\'I}{\~n}igo and Elnikety, Sameh and Fonseca, Rodrigo and Belay, Adam},
  booktitle={21st USENIX Symposium on Networked Systems Design and Implementation (NSDI 24)},
  pages={55--73},
  year={2024}
}

@inproceedings{shring,
  title={$\{$ShRing$\}$: Networking with Shared Receive Rings},
  author={Pismenny, Boris and Morrison, Adam and Tsafrir, Dan},
  booktitle={17th USENIX Symposium on Operating Systems Design and Implementation (OSDI 23)},
  pages={949--968},
  year={2023}
}

@incollection{picnic,
  title={PicNIC: predictable virtualized NIC},
  author={Kumar, Praveen and Dukkipati, Nandita and Lewis, Nathan and Cui, Yi and Wang, Yaogong and Li, Chonggang and Valancius, Valas and Adriaens, Jake and Gribble, Steve and Foster, Nate and others},
  booktitle={Proceedings of the ACM Special Interest Group on Data Communication},
  pages={351--366},
  year={2019}
}

@misc{octeontx2,
 author = "Geetha sowjanya",
 title = "Introduce RVU representors, Marvell", 
 note = "https://lore.kernel.org/netdev/20240701201215.5b68e164@kernel.org/T/#m93a806be679e647f0dcbfee7edeb2fc53d2cf5cc",
}

@misc{icepatch,
 author = "Michal Swiatkowski",
 title = "ice: use less resources in switchdev", 
 note = "https://patchwork.kernel.org/project/netdevbpf/cover/20240125125314.852914-1-michal.swiatkowski@linux.intel.com/",
}

@misc{jakub,
 author = "",
 title = "NIC memory reserve", 
 note = "https://people.kernel.org/kuba/nic-memory-reserve",
}

@misc{devlinksb,
 author = "Jiri Pirko",
 title = "devlink-sb(8) â€” Linux manual page", 
 note = "https://man7.org/linux/man-pages/man8/devlink-sb.8.html",
}

@misc{survey,
 author = "",
 title = "Survey: Documentation: devlink: Add devlink-sd", 
 note = "https://lore.kernel.org/netdev/39dbf7f6-76e0-4319-97d8-24b54e788435@nvidia.com/",
 howpublished = "Linux netdev mailing list"
}

@ARTICLE{queuelength,
  author={Choudhury, A.K. and Hahne, E.L.},
  journal={IEEE/ACM Transactions on Networking}, 
  title={Dynamic queue length thresholds for shared-memory packet switches}, 
  year={1998},
  volume={6},
  number={2},
  pages={130-140},
  keywords={Packet switching;Switches;Performance loss;Traffic control;Memory management;Algorithm design and analysis;Queueing analysis;Computer simulation;Robust control;Uncertainty},
  doi={10.1109/90.664262}
}

@article{buffersize,
  title={Sizing router buffers},
  author={Appenzeller, Guido and Keslassy, Isaac and McKeown, Nick},
  journal={ACM SIGCOMM Computer Communication Review},
  volume={34},
  number={4},
  pages={281--292},
  year={2004},
  publisher={ACM New York, NY, USA}
}
@book{boden92,
author = {Margaret Boden},
title = {The Creative Mind},
publisher = {Abacus},
address = {London},
year = {1992},
}

@article{ritchie07,
 author  = {Graeme Ritchie},
 title = {Some Empirical Criteria for Attributing Creativity to a Computer Program},
 journal = {Minds and Machines},
 publisher = {Springer},
 year = {2007}, 
 pages = {76-99},
 volume = {17},
}

@misc{UCI,
 author = "A. Asuncion and D.J. Newman",
 title = "{UCI} Machine Learning Repository", 
 note = "http://www.ics.uci.edu/~mlearn/MLRepository.html",
 howpublished = "University of California, Irvine, School of Information and Computer Sciences"
}


@inproceedings{veale07,
 author = {Tony Veale and Yanfen Hao},
 title = {Comprehending and Generating Apt Metaphors: A Web-driven, Case-based Approach to Figurative Language},
 booktitle = {Proceedings of the Association for the Advancement of Artificial Intelligence},
 year = {2007},
 pages = {1471--1476},
 publisher = {AAAI Press},
 }

@article{lyu04,
 author = {Siwei Lyu and Daniel Rockmore and Hany Farid},
 title = {A Digital Technique for Art Authentication},
 journal = {Proceedings of the National Academy of Sciences},
 volume = {101},
 number = {49},
 year = {2004},
 pages = {17006--17010},
 }

@incollection{Woods81,
 author =      "Woods, W.A.",
 title =       "Procedural semantics as a theory of meaning",
 booktitle =   "Elements of Discourse Understanding",
 editor =      "Joshi, A.K. and Webber, B.L. and Sag, I.",
 publisher =   "Cambridge University Press",
 address =     "Cambridge, UK",
 year =        1981,
 pages =       "300-334"
}

@Book{Ruch07,
 editor =      {Willibald Ruch},
 title =       {The Sense of Humor: Explorations of a Personality
Characteristic},
 publisher =   {Mouton de Gruyter},
 year =        2007,
 series =      {Mouton Select},
 address =     {Berlin}
}

@techreport{OZ,
 AUTHOR =      {Mark Kantrowitz},
 TITLE =       {Natural Language Text Generation in the {OZ}
                 Interactive Fiction Project},
 YEAR =        {1990},
 INSTITUTION =         {School of Computer Science, Carnegie Mellon
                 University},
 NUMBER =      {CMU-CS-90-158},
 TYPE =        {Technical Report}
}